@article{DBLP:journals/cacm/McElieceS81,
  author    = {Robert J. McEliece and
               Dilip V. Sarwate},
  title     = {On Sharing Secrets and {R}eed-{S}olomon Codes},
  journal   = {Commun. {ACM}},
  volume    = {24},
  number    = {9},
  pages     = {583--584},
  year      = {1981},
  url       = {http://doi.acm.org/10.1145/358746.358762},
  doi       = {10.1145/358746.358762},
  timestamp = {Tue, 07 Jun 2011 16:51:24 +0200},
  biburl    = {http://dblp.org/rec/bib/journals/cacm/McElieceS81},
  bibsource = {dblp computer science bibliography, http://dblp.org}
}

@book{Roth:2006:ICT:1137784,
 author = {Roth, Ron},
 title = {Introduction to Coding Theory},
 year = {2006},
 isbn = {0521845041},
 publisher = {Cambridge University Press},
 address = {New York, NY, USA},
} 

@article{DBLP:journals/joc/KomargodskiNY17,
  author    = {Ilan Komargodski and
               Moni Naor and
               Eylon Yogev},
  title     = {Secret-Sharing for {NP}},
  journal   = {J. Cryptology},
  volume    = {30},
  number    = {2},
  pages     = {444--469},
  year      = {2017},
  url       = {https://doi.org/10.1007/s00145-015-9226-0},
  doi       = {10.1007/s00145-015-9226-0},
  timestamp = {Thu, 18 May 2017 09:52:09 +0200},
  biburl    = {http://dblp.uni-trier.de/rec/bib/journals/joc/KomargodskiNY17},
  bibsource = {dblp computer science bibliography, http://dblp.org}
}
