@inproceedings{GRR3,
 author = {Naor, Moni and Pinkas, Benny and Sumner, Reuban},
 title = {Privacy Preserving Auctions and Mechanism Design},
 booktitle = {Proceedings of the 1st ACM Conference on Electronic Commerce},
 series = {EC '99},
 year = {1999},
 isbn = {1-58113-176-3},
 location = {Denver, Colorado, USA},
 pages = {129--139},
 numpages = {11},
 url = {http://doi.acm.org/10.1145/336992.337028},
 doi = {10.1145/336992.337028},
 acmid = {337028},
 publisher = {ACM},
 address = {New York, NY, USA},
} 

@misc{YGCintro,
author = {Yakoubov, Sophia},
title = {A Gentle Introduction to {Y}ao's Garbled Circuits},
year = {2017},
note = {\url{http://web.mit.edu/sonka89/www/papers/2017ygc.pdf}}
}

@article{Gasti2016,
 author = {Gasti, Paolo and Sedenka, Jaroslav and Yang, Qing and Zhou, Gang and Balagani, Kiran S.},
 title = {Secure, Fast, and Energy-Efficient Outsourced Authentication for Smartphones},
 journal = {Trans. Info. For. Sec.},
 issue_date = {November 2016},
 volume = {11},
 number = {11},
 month = nov,
 year = {2016},
 issn = {1556-6013},
 pages = {2556--2571},
 numpages = {16},
 url = {https://doi.org/10.1109/TIFS.2016.2585093},
 doi = {10.1109/TIFS.2016.2585093},
 acmid = {3026804},
 publisher = {IEEE Press},
 address = {Piscataway, NJ, USA},
} 

@misc{cryptoeprint:2017:1111,
    author = {Pierre-Alain Dupont and Julia Hesse and David Pointcheval and Leonid Reyzin and Sophia Yakoubov},
    title = {Fuzzy Authenticated Key Exchange},
    howpublished = {Cryptology ePrint Archive, Report 2017/1111},
    year = {2017},
    note = {\url{https://eprint.iacr.org/2017/1111}},
}